
@book{Bohren,
	title = {Absorption and scattering of light by small particles},
	author = {Bohren, Craig F. and Huffman, Donald R.},
	year = {2008},
}

@article{Osteoblastos,
	title = {Optical properties on bone analysis: an approach to biomaterials},
	volume = {27},
	shorttitle = {Optical properties on bone analysis},
	url = {https://pdfs.semanticscholar.org/a7b5/68be4f6c5f35cb12740ceaea5219dbe0ebfd.pdf},
	number = {1},
	journal = {Proceedings},
	author = {Antunes, Andrea and Pontes, José HL and Monte, Adamo FG and Barbosa, Alcimar and Ferreira, Nuno MF},
	year = {2019},
	doi = {10.3390/proceedings2019027036},
	pages = {36},
	file = {Available Version (via Google Scholar):C\:\\Users\\Poh\\Zotero\\storage\\T2P569H5\\Antunes et al. - 2019 - Optical properties on bone analysis an approach to biomaterials.pdf:application/pdf},
}

@article{Linfocitos,
	title = {Identification of non-activated lymphocytes using three-dimensional refractive index tomography and machine learning},
	volume = {7},
	url = {https://www.nature.com/articles/s41598-017-06311-y},
	number = {1},
	journal = {Scientific Reports},
	author = {Yoon, Jonghee and Jo, YoungJu and Kim, Min-hyeok and Kim, Kyoohyun and Lee, SangYun and Kang, Suk-Jo and Park, YongKeun},
	year = {2017},
	pages = {6654},
	file = {Available Version (via Google Scholar):C\:\\Users\\Poh\\Zotero\\storage\\9NZFLYXJ\\Yoon et al. - 2017 - Identification of non-activated lymphocytes using three-dimensional refractive index tomography and.pdf:application/pdf},
}

@article{Blood,
	title = {A literature review and novel theoretical approach on the optical properties of whole blood},
	volume = {29},
	issn = {0268-8921, 1435-604X},
	url = {https://link.springer.com/10.1007/s10103-013-1446-7},
	doi = {10.1007/s10103-013-1446-7},
	number = {2},
	journal = {Lasers in Medical Science},
	author = {Bosschaart, Nienke and Edelman, Gerda J. and Aalders, Maurice C. G. and Van Leeuwen, Ton G. and Faber, Dirk J.},
	month = mar,
	year = {2014},
	pages = {453--479},
	file = {Available Version (via Google Scholar):C\:\\Users\\Poh\\Zotero\\storage\\A6JRQL6M\\Bosschaart et al. - 2014 - A literature review and novel theoretical approach on the optical properties of whole blood.pdf:application/pdf},
}

@article{Cassini,
	title = {Different shape models for erythrocyte: {Light} scattering analysis based on the discrete sources method},
	volume = {102},
	shorttitle = {Different shape models for erythrocyte},
	url = {https://www.sciencedirect.com/science/article/pii/S0022407306000719?casa_token=ac-ghaSEULsAAAAA:S25KH6sHY_fTWNhfkqAathYc33vpiijE6jlZZzclu46-ZXd_PurcKcpeKlVYGHySrLXMU23C8gwW},
	number = {1},
	journal = {Journal of Quantitative Spectroscopy and Radiative Transfer},
	author = {Eremina, Elena and Hellmers, Jens and Eremin, Yuri and Wriedt, Thomas},
	year = {2006},
	file = {Available Version (via Google Scholar):C\:\\Users\\Poh\\Zotero\\storage\\CB9ZM2Q5\\S0022407306000719.html:text/html},
}

@article{Esferico,
	title = {Scattering of light by a red blood cell},
	volume = {3},
	url = {https://www.spiedigitallibrary.org/journals/Journal-of-Biomedical-Optics/volume-3/issue-3/0000/Scattering-of-light-by-a-red-blood-cell/10.1117/1.429883.short},
	number = {3},
	journal = {Journal of biomedical optics},
	author = {Borovoi, Anatoli G. and Naats, Edward I. and Oppel, Ulrich G.},
	year = {1998},
	file = {Available Version (via Google Scholar):C\:\\Users\\Poh\\Zotero\\storage\\4TC4F68J\\Borovoi et al. - 1998 - Scattering of light by a red blood cell.pdf:application/pdf},
}

@article{Cuasiestatico,
	title = {Electromagnetics from a quasistatic perspective},
	volume = {75},
	url = {https://pubs.aip.org/aapt/ajp/article-abstract/75/3/230/1056316},
	number = {3},
	journal = {American Journal of Physics},
	author = {Larsson, Jonas},
	year = {2007},
	file = {Available Version (via Google Scholar):C\:\\Users\\Poh\\Zotero\\storage\\PSJLD26Z\\Larsson - 2007 - Electromagnetics from a quasistatic perspective.pdf:application/pdf},
}

@phdthesis{Miguel,
	type = {{PhD} {Thesis}},
	title = {Respuesta electromagnética de nanopartıculas magnético/metálicas tipo core–shell.},
	url = {https://ru.dgb.unam.mx/bitstream/20.500.14330/TES01000785485/3/0785485.pdf},
	urldate = {2025-02-03},
	school = {Universidad Nacional Autónoma de México},
	author = {Rosas, Carlos Miguel Garcıa},
	year = {2019},
	file = {Available Version (via Google Scholar):C\:\\Users\\Poh\\Zotero\\storage\\MUIKFTLV\\Rosas - 2019 - Respuesta electromagnética de nanopartıculas magnéticometálicas tipo core–shell..pdf:application/pdf},
}

@book{Griffiths,
	title = {Introduction to electrodynamics},
	publisher = {Cambridge University Press},
	author = {Griffiths, David J.},
	year = {2023},
	file = {Available Version (via Google Scholar):C\:\\Users\\Poh\\Zotero\\storage\\86E5XEPF\\Griffiths - 2023 - Introduction to electrodynamics.pdf:application/pdf},
}

@book{Jackson,
	title = {Classical electrodynamics},
	url = {https://books.google.com/books?hl=es&lr=&id=6VV-EAAAQBAJ&oi=fnd&pg=PP1&dq=Classical+electrodynamics&ots=7xA9oFYTb7&sig=v9A9PW5jhLccaP_f0W_GggqTfVs},
	author = {Jackson, John David},
	year = {2021},
}

@misc{ConfocalEllip,
	title = {Confocal {Ellipsoidal} {Coordinates}},
	copyright = {Copyright 1999-2025 Wolfram Research, Inc.  See https://mathworld.wolfram.com/about/terms.html for a full terms of use statement.},
	url = {https://mathworld.wolfram.com/ConfocalEllipsoidalCoordinates.html},
	author = {Weisstein, Eric W.},
	file = {Snapshot:C\:\\Users\\Poh\\Zotero\\storage\\2HKH9VVF\\ConfocalEllipsoidalCoordinates.html:text/html},
}

@book{Arfken,
	title = {Mathematical methods for physicists: a comprehensive guide},
	shorttitle = {Mathematical methods for physicists},
	author = {Arfken, George B. and Weber, Hans J. and Harris, Frank E.},
	year = {2011},
	file = {Available Version (via Google Scholar):C\:\\Users\\Poh\\Zotero\\storage\\MM95IQGN\\Arfken et al. - 2011 - Mathematical methods for physicists a comprehensive guide.pdf:application/pdf},
}

@book{Braun,
	address = {New York, NY},
	title = {Differential {Equations} and {Their} {Applications}},
	copyright = {http://www.springer.com/tdm},
	isbn = {978-1-4684-0055-7 978-1-4684-0053-3},
	url = {http://link.springer.com/10.1007/978-1-4684-0053-3},
	author = {Braun, Martin},
	year = {1978},
	doi = {10.1007/978-1-4684-0053-3},
}

@book{Kellog,
	title = {Foundations of potential theory},
	url = {https://books.google.com/books?hl=es&lr=&id=BGTyCAAAQBAJ&oi=fnd&pg=PA1&dq=Foundations+of+potential+theory&ots=8WsV5WKFEK&sig=bCHbSblhSjfM7Mo7ozdDhodbLlo},
	author = {Kellogg, Oliver Dimon},
	year = {2012},
}

@book{Abramowitz,
	title = {Handbook of mathematical functions with formulas, graphs, and mathematical tables},
	author = {Abramowitz, Milton and Stegun, Irene A.},
	year = {1948},
	file = {Available Version (via Google Scholar):C\:\\Users\\Poh\\Zotero\\storage\\Y9KN4HZ3\\books.html:text/html},
}

@article{Plata,
	title = {Optical {Constants} of the {Noble} {Metals}},
	volume = {6},
	copyright = {http://link.aps.org/licenses/aps-default-license},
	issn = {0556-2805},
	url = {https://link.aps.org/doi/10.1103/PhysRevB.6.4370},
	doi = {10.1103/PhysRevB.6.4370},
	number = {12},
	journal = {Physical Review B},
	author = {Johnson, P. B. and Christy, R. W.},
	month = dec,
	year = {1972},
	pages = {4370--4379},
	file = {Available Version (via Google Scholar):C\:\\Users\\Poh\\Zotero\\storage\\424DXFB7\\Johnson y Christy - 1972 - Optical Constants of the Noble Metals.pdf:application/pdf},
}

@article{Bismuto,
	title = {Optical constants from the far infrared to the x-ray region: {Mg}, {Al}, {Cu}, {Ag}, {Au}, {Bi}, {C}, and {Al} 2 {O} 3},
	volume = {65},
	shorttitle = {Optical constants from the far infrared to the x-ray region},
	url = {https://opg.optica.org/abstract.cfm?uri=josa-65-6-742},
	number = {6},
	journal = {JOSA},
	author = {Hagemann, H.-J. and Gudat, W. and Kunz, C.},
	year = {1975},
}

@article{MgO,
	title = {Index of refraction of magnesium oxide},
	volume = {49},
	url = {https://nvlpubs.nist.gov/nistpubs/jres/049/4/v49.n04.a03.pdf},
	number = {4},
	journal = {Journal of Research of the National Bureau of Standards},
	author = {Stephens, Robert E. and Malitson, Irving H.},
	year = {1952},
	file = {Available Version (via Google Scholar):C\:\\Users\\Poh\\Zotero\\storage\\Z6ZHAMNV\\Stephens y Malitson - 1952 - Index of refraction of magnesium oxide.pdf:application/pdf},
}

@misc{Plasmonics,
	title = {Plasmonics: {Fundamentals} and {Applications}},
	shorttitle = {Plasmonics},
	author = {Maier, S. A.},
	year = {2007},
}

@book{Cambdrige,
	address = {Cambridge},
	series = {Encyclopedia of {Mathematics} and its {Applications}},
	title = {Ellipsoidal {Harmonics}: {Theory} and {Applications}},
	shorttitle = {Ellipsoidal {Harmonics}},
	url = {https://www.cambridge.org/core/books/ellipsoidal-harmonics/803CBC9F98DF279CC52F6AC53923ECD1},
	author = {Dassios, George},
	year = {2012},
	doi = {10.1017/CBO9781139017749},
}

@article{BaseElip,
	title = {On transformations of ellipsoidal (triaxial) orthogonal curvilinear coordinates},
	volume = {56},
	issn = {0039-6265},
	url = {https://doi.org/10.1080/00396265.2023.2229590},
	doi = {10.1080/00396265.2023.2229590},
	number = {396},
	journal = {Survey Review},
	author = {Soler, Tomás and Han, Jen-Yu},
	month = may,
	year = {2024},
	keywords = {Orthogonal curvilinear coordinates, Reference ellipsoid, Transformation of local frames, Triaxial ellipsoid},
	pages = {265--283},
}

@article{Aluminio,
	title = {Determination of optical properties of aluminium including electron reradiation in the {Lorentz}-{Drude} model},
	volume = {22},
	issn = {0030-3992},
	url = {https://www.sciencedirect.com/science/article/pii/003039929090093J},
	doi = {10.1016/0030-3992(90)90093-J},
	number = {6},
	journal = {Optics \& Laser Technology},
	author = {Marković, M. I. and Rakić, A. D.},
	month = dec,
	year = {1990},
	keywords = {aluminium, Lorentz-Drude model, optical properties, reradiation},
	file = {ScienceDirect Snapshot:C\:\\Users\\Poh\\Zotero\\storage\\VL2DLPZQ\\003039929090093J.html:text/html},
}
